<?xml version="1.0" encoding="UTF-8"?><collection xmlns="http://www.loc.gov/MARC21/slim"><record><leader>00412nam--2200145-i-4500</leader><controlfield tag="001">000033749</controlfield><controlfield tag="002">20161230</controlfield><controlfield tag="005">20161230201039</controlfield><controlfield tag="008">060222s1000------------r-----000-0-eng-d</controlfield><datafield ind1=" " ind2=" " tag="080"><subfield code="a">621.039:539</subfield></datafield><datafield ind1=" " ind2=" " tag="100"><subfield code="a">Nelkin, Kdorothy</subfield></datafield><datafield ind1=" " ind2=" " tag="245"><subfield code="a">Nuclear power and ets critics. the cayuga lake controversy</subfield></datafield><datafield ind1=" " ind2=" " tag="260"><subfield code="a">Ithaca, Cornell Univ.Press, 1971. X+128p</subfield></datafield><datafield ind1=" " ind2=" " tag="490"><subfield code="a">Science, Technology And Society</subfield></datafield><datafield ind1=" " ind2=" " tag="852"><subfield code="a">36351</subfield></datafield></record></collection>